@article{lamport1986latex,
  title={LaTEX: User's Guide \& Reference Manual},
  author={Lamport, Leslie},
  year={1986},
  publisher={Addison-Wesley}
}

@misc{lamport1987makeindex,
  title={Makeindex: An index processor for LATEX},
  author={Lamport, Leslie},
  year={1987},
  publisher={February}
}